@article{dommel:opf,
	title={Optimal Power Flow Solutions},
	author={Dommel, H.W. and Tinney, W.F.},
	journal={Power Apparatus and Systems, IEEE Transactions on},
	year={1968},
	month={Oct. },
	volume={PAS-87},
	number={10},
	pages={1866-1876},
	doi={10.1109/TPAS.1968.292150},
	ISSN={0018-9510}
}

@article{zimmerman:ccv,
	title={On Computational Issues of Market-Based Optimal Power Flow},
	author={Hongye Wang and Murillo-Sanchez, C.E. and Zimmerman, R.D. and Thomas, R.J.},
	journal={Power Systems, IEEE Transactions on},
	year={2007},
	month={Aug. },
	volume={22},
	number={3},
	pages={1185-1193},
	keywords={load dispatching, load flow, power markets, power system interconnection, reactive poweractive power flow, constrained cost variable, deregulated electricity market calls, large-scale power system models, market-based optimal power flow, nonsmooth costing, reactive power flow, real-time dispatching requirement, robust optimal power flow, satisfactory worst-case performance, step-controlled primal-dual interior point method, trust-region-based augmented Lagrangian method, voltage support},
	doi={10.1109/TPWRS.2007.901301},
	ISSN={0885-8950}
}
